@ARTICLE{internetofthings,
 author = 	{\mbox{Perera, C.; Zaslavsky, A.; Christen, P.; Georgakopoulos, D.}},
 title = 	{Context Aware Computing for The Internet of Things: A Survey},
 journal = 	{Communications Surveys \& Tutorials, IEEE},
 volume = 	{PP},
 number = 	{99},
 pages = 	{1-4}
 month = 	{May},
 year = 	{2013},
 issn = 	{},
} 

@ARTICLE{wpanIssues,
  author =	 {\mbox{Howitt, I.; Gutierrez, J.A.}},
  title =	 {\mbox{IEEE} 802.15.4 low rate - wireless personal area network coexistence issues},
  journal =	 {Wireless Communications and Networking, WCNC 2003},
  volume =	 {3},
  month =	 {mar},
  year = 	 {2003},
  pages = 	 {1481-1486},
  doi =		 {doi: 10.1109/WCNC.2003.1200605}
}

@ARTICLE{challenges,
  author = 	{\mbox{Akan, O.B.; Karli, O.; Ergul, O.}},
  title =	{Cognitive radio sensor networks},
  journal = 	{Network, IEEE},
  volume = 	{23},
  number = 	{4},
  pages = 	{34 - 40},
  month = 	{jul},
  year = 	{2009}, 
  doi = 	{doi: 10.1109}
}

@ARTICLE{conbrok,
  author = 	{\mbox{Rabaey, J.; Wolisz, A.; Ozer Ercan, A.; Araujo, A.; Burghardt,
		F.; Mustafa, S.; Parsa,A.;  Pollin, S.; I-Hsiang Wang, Malagon P.}},
  title = 	{Connectivity Brokerage - Enabling Seamless Cooperation in Wireless Networks. Technical report, Berkeley Wireless Research 
		Center},
  month = 	{sep},
  year =	{2010}
}


@ARTICLE{mitola1,
  author = 	{\mbox{Mitola, J. III; Maguire, G.Q. Jr}},
  title = 	{Cognitive radio: making software radios more personal},
  journal = 	{Personal Communications},
  volume = 	{6},
  number = 	{4},
  month =	aug,
  year = 	1999,
  pages = 	{13-18}
}

@BOOK{mitola2,
  author = 	{\mbox{Mitola, J. III}},
  title = 	{Cognitive Radio An Integrated Agent Architecture for Software Defined Radio, PhD. Dissertation},
  publisher = 	{Royal Institute of Technology, Kista, Sweden},
  year = 	2000
}

  


@ARTICLE{fcd,
  author = 	{\mbox{L\'{o}pez, F.; Romero, E.; Blesa, J.; Villanueva, D.; Araujo, A.}},
  title = 	{Cognitive Wireless Sensor Network Device for AAL Scenarios},
  journal = 	{Lecture Notes in Computer Science},
  volume = 	{6693},
  year = 	2011,
  issn = 	{ISSN: 0302–9743},
  pages =	{116-121},
  isbn = 	{3–642–00640–X}
}

@ARTICLE{seung,
 author = 	{Seung Jong Kim},
 title = 	{Dynamic Spectrum Allocation with Variable Bandwidth for Cognitive Radio Systems},
 journal = 	{Communications and Information Technology},
 pages = 	{106 - 109},
 month = 	{sept},
 year = 	{2009},
 doi =		{DOI: 10.1109/ISCIT.2009.5341278}
}

@ARTICLE{fcc,
author = 	{\mbox{Federal Communications Commission}},
title = 	"Spectrum Policy Task Force",
journal = 	"Rep. ET Docket",
volume =	"02"
pages = 	"135",
month =		"nov",
year = 		"2002"
}

@ARTICLE{corvus,
  author =	 {\mbox{R. W. Brodersen; A. Wolisz; D. Cabric; S. M. Mishra; D. Willkomm}},
  title =	 {Corvus: A Cognitive Radio approach for usage of virtual unlincesed { White Paper},
}

@ARTICLE{brainempower,
author = 	{\mbox{S. Haykin}},
title = 	{Cognitive Radio: Brain-empowered Wireless Communications},
journal = 	{IEEE Journal on Selected Areas of Communications},
volume =	{23}
month = 	{feb}
year = 		{2005},
pages = 	{201–220},
}

@ARTICLE{fcc1,
 author = 	{\mbox{Federal Communications Commission}},
 title = 	{Facilitating opportunities for flexible, efficient, and reliablespectrum use employing cognitive radio technologies,notice of 			proposed rulemaking and order, FCC 03-322},
 month = 	{dec},
 year = 	{2003},
} 

@ARTICLE{dsa,
 author = 	{\mbox{Ian F. Akyildiz; W.-Y. Lee; M. C. Vuran; S. Mohanty}},
 title = 	{NeXt Generation/Dynamic Spectrum Access/Cognitive Radio Wireless Networks: A Survey},
 journal = 	{Computer Networks (Elsevier) Journal}, 
 month = 	{sep},
 year = 	{2006},
}

@ARTICLE{smartradio,
 author = 	{\mbox{Berezdivin, R.; Breinig, R.; Topp, R.}},
 title	=	{Next-generation wireless communications concepts and technologies},
 journal = 	{IEEE Communications Magazine}
 volume = 	{40},
 number = 	{3},
 pages = 	{108 - 116},
 year = 	{2002}
}

@ARTICLE{smartantenna,
 author = 	{\mbox{Alexiou, A. ; Haardt, M.}},
 title = 	{Smart antenna technologies for future wireless systems: Trends and challenges},
 journal = 	{IEEE Communications Magazine},
 volume = 	{42},
 number = 	{9},
 pages =	{90 - 97},
 year = 	{2004}
}

@ARTICLE{smartpackets,
 author = 	{\mbox{Schwartz, B.; Jackson, A.W.; Strayer, W.T.; Zhou, W.; Rockwell, R.D.; Partridge, C.;}},
 title = 	{Smart packets for active networks},
 journal = 	{OPENARCH \'99},
 pages = 	{90 - 97},
 year =		{1999}
}

@ARTICLE{cognitivepackets,
 author = 	{\mbox{Gelenbe, E.; Lent, R.; Xu, Z.}},
 title = 	{Design and performance of cognitive packet networks},
 journal = 	{Performance Evaluation},
 volume =	{46},
 number =	{2 - 3},
 pages = 	{155 - 176},
 year = 	{2001}
}

@ARTICLE{cn1,
 author = 	{\mbox{P. M\"ah\"onen, J. Riihij\"arvi, M. Petrova, and Z. Shelby}},
 title = 	{Hop-by-hop toward future mobile broadband IP},
 journal = 	{IEEE Communications Magazine},
 volume = 	{42},
 number =	{3},
 pages =	{138 - 146},
 year =		{2004}
}

@ARTICLE{cn2,
 author =	{\mbox{Ramming, C.}},
 title = 	{Cognitive networks},
 journal =	{DARPATech},
 year =		{2004}
}

@ARTICLE{saracco,
 author = 	{\mbox{Saracco, R.}},
 title = 	{Forecasting the future of information technology: How to make research investment more cost-effective},
 journal =  	{IEEE Communications Magazine},
 volume =	{41},
 pages =	{38 - 45},
 month =	{dec},
 year =		{2003}
}

@ARTICLE{gamecr,
 author =  	{\mbox{Neel, J.O.; Buehrer, R.M; Reed, J.H.; Gilles, R.P.}},
 title = 	{Game-theoretic analysis of a network of cognitive radios},
 journal =	{Proc. of the Midwest Symposium on Circuits and Systems},
 volume =	{3},
 pages =	{409 - 412},
 year =		{2002}
}

@ARTICLE{neel,
 author = 	{\mbox{Neel, J.O.; Reed, J.H.; Gilles, R.P.}},
 title = 	{Convergence of cognitive radio networks},
 journal = 	{Proc. of IEEE WCNC 2004}
 volume =	{4},
 pages = 	{2250 - 2255},
 year =	 	{2004}
}

@ARTICLE{coopsensing,
 author = 	{\mbox{Ganesan, G.; Li, Y.}},
 title = 	{Cooperative spectrum sensing in cognitive radio networks},
 journal = 	{Proc. of IEEE DySPAN},
 year = 	{2005}
 pages =	{137 - 143},
 year = 	{2005}
}

@ARTICLE{coopsensing1,
 author = 	{\mbox{Mishra, S.M.; Sahai, A.; Brodersen, R.W.}},
 title = 	{Cooperative sensing among cognitive radios},
 journal = 	{Proc. of IEEE ICC 2006}
 volume =	{4},
 pages = 	{1658 - 1663},
 year =		{2006}
}

@ARTICLE{cremergency,
 author = 	{\mbox{Pawelczak, P.; Prasad, R.V.; Xia, L.; Niemegeers, I.G.M.M}},
 title = 	{Cognitive radio emergency networks - requirements and design},
 journal = 	{Proc. of IEEE DySPAN 2005},
 pages =	{601 - 606},
 year = 	{2005}
}

@ARTICLE{cnrarchitecture,
 author =	{\mbox{Raychaudhuri, D.; Mandayam, N.B; Evans, J.B.; Ewy, B.J.; Seshan, S.; Steenkiste, P.}},
 title = 	{CogNet: An architectural foundation for experimental cognitive radio networks within the future Internet},
 journal =	{Proc. ACM/IEEE MobiArch'06},
 pages =	{11 - 16},
 month = 	{dec},
 year = 	{2006}
}

@BOOK{thomas,
 author =	{\mbox{Thomas, R.W.}},
 title = 	{Cognitive Networks, PhD. Dissertation},
 publisher = 	{Faculty of the Virginia Polytechnic Institute and State University, Blacksburg, Virginia},
 month = 	{jun},
 year =		{2007}
}

@ARTICLE{example,
 author = 	{R. W. Thomas, D. H. Friend, L. A. DaSilva, and A. B. MacKenzie},
 title = 	{Cognitive networks: Adaptation and learning to achieve end-to-end performance objectives},
 journal =	{IEEE Communications Magazine},
 volume =	{44},
 pages = 	{51 - 57},
 month = 	{dec},
 year = 	{2006}
}




@ARTICLE{wpanieee,
 author = 	{\mbox{IEEE}},
 title = 	{\mbox{IEEE} 802.15. \mbox{WPAN}$^{TM}$ Task Group 4},
 url =	 	{http://grouper.ieee.org/groups/802/15/pub/TG4.html},
 lastaccess = 	{August, 2013}	 

}

@ARTICLE{CRfunctionality,
author = 	{\mbox{R. Venkatesha; J.A. Hoffmeyer; H.S. Berger}},
title = 	{Cognitive Functionality in Next Generation Wireless Networks}, 
journal = 	{IEEE Communications Magazine},
pages = 	{72 - 78},
month =		{apr},
year = 		{2008}
}

@ARTICLE{sensing,
author = 	{\mbox{Z. Li; F.R. Yu; M. Huang}},
title = 	{A Distributed Consensus-Based Cooperative Spectrum Sensing in Cognitive Radios}, 
journal = 	{IEEE Trans. Vehicular Technology},
volume = 	{59},
number = 	{1},
pages = 	{383 - 393},
month =		{jan},
year = 		{2010}
}

@ARTICLE{threshold,

author = 	{\mbox{Foukalas, F.T.; Mathiopoulos, P.T.; Karetsos, G.T.}},
title =		{Joint optimal power allocation and sensing threshold selection for SU's capacity maximisation in SS CRNS},
journal = 	{Electronics Letters},
volume = 	{46},
number = 	{20},
pages =		{1406 - 1407},
issn = 		{0013-5194},
doi = 		{10.1049/el.2010.1355},
month = 	{sep},
year = 		{2010}
}

@ARTICLE{80222,
author = 	{\mbox{Stevenson, C.; Chouinard, G.; Zhongding Lei; Wendong Hu; Shellhammer, S.J.;}
		\mbox{Caldwell, W.}},
title = 	{IEEE 802.22: The first cognitive radio wireless regional area network standard},
journal = 	{Communications Magazine, IEEE},
volume = 	{47},
number = 	{1},
pages = 	{130 - 138},
month = 	{jan},
year = 		{2009},
issn = 		{0163-6804},
doi = 		{10.1109/MCOM.2009.4752688}
}

@ARTICLE{80222web,
 author =	{\mbox{IEEE 802.22 Working Group on Wireless Regional Area Networks}}, 
 title = 	{http://www.ieee802.org/22/},
 journal = 	{(Last accessed on 12-9-2013)} 
}

@ARTICLE{802152,
 author =	{\mbox{IEEE 802.15 WPAN$^{TM}$ Task Group 2}}, 
 title = 	{http://www.ieee802.org/15/pub/TG2.html},
 journal = 	{(Last accessed on 12-9-2013)} 
}

@ARTICLE{cwsn,
 author = 	{\mbox{Vijay, G.; Bdira, E.B.A.; Mohamed Ibnkahla, M.}},
 title =	{Cognition in Wireless Sensor Networks: A Perspective},
 journal = 	{IEEE Sensors Journal},
 volume = 	{11},
 number =	{3},
 month = 	{mar},
 year = 	{2011}
 pages = 	{582 - 592}
}

@ARTICLE{gamewsn,
 author = 	{\mbox{Machado, R.; Tekinay, S.}},
 title = 	{A Survey of game-theoretic approaches in wireless sensor networks},
 journal = 	{Computer Network},
 volume = 	{52},
 number = 	{16},
 pages = 	{3047 - 3061},
 month = 	{Nov},
 year =		{2008}
}

@ARTICLE{neuralcsn,
 author = 	{\mbox{Reznik, L.; Von Pless, G.}},
 title = 	{Neural networks for cognitive sensor networks},
 journal = 	{Proc. IEEE Int. Joint Conf. Neural Network., IJCNN 2008},
 month = 	{Jun},
 year = 	{2008},
 pages = 	{1235 - 1241}
}
 
@ARTICLE{crbasedwsn,
 author = 	{\mbox{Cavalcanti, D.; Das, S.; Wang, J.; Challapali, K.}},
 title = 	{Cognitive radio based wireless sensor networks},
 journal = 	{Proc. 17th Int. Conf. Comput. Commun. Networks, ICCCN},
 year = 	{2008},
 pages = 	{1 - 6}
}

@ARTICLE{crwsn,
 author = 	{\mbox{Akan, O.B.; Karli, O.; Ergul, O.}},
 title = 	{Cognitive radio sensor networks},
 journal = 	{IEEE Network},
 volume =	{23},
 number =	{4},
 month = 	{Jul},
 year = 	{2009},
 pages = 	{34 - 40}
}

@ARTICLE{gtandai,
 author = 	{\mbox{Tennenholtz, M.}},
 title = 	{Game theory and artificial intelligence},
 journal = 	{Foundations and Applications of Multi-Agent Systems. Berlin, Germany: Springer-Verlag},
 volume =	{2},
 number =	{4},
 doi = 		{2403/2002},
 year = 	{2002},
 pages = 	{51}
}

@ARTICLE{ngdsa,
 author = 	{\mbox{I. F. Akyldiz, W. Y. Lee, M. C. Vuran, and S. Mohanty}},
 title = 	{NeXt generation/dynamic spectrum access/cognitive radio wireless networks: A survey},
 journal = 	{Comput. Network J.},
 volume =	{50},
 number =	{3},
 month = 	{Sep},
 year = 	{2006},
 pages = 	{2127 - 2159}
}
 
@BOOK{ferpfc,
author = 	{\mbox{L\'{o}pez, F.}},
title = 	{Dise\~{n}o e implementaci\'{o}n de un nodo para redes de sensores con capacidades cognitivas, PFC},
publisher = 	{Laboratorio de Sistemas Integrados, ETSIT-UPM},
month = 	{dic},
year = 		{2001}
}

@BOOK{juanpfc,
author = 	{\mbox{Domingo, J.}},
title = 	{Dise\~{n}o, optimizaci\'{o}n y prueba un nodo para una red de sensores inal\'{a}mbrica con capacidades cognitivas, PFC},
publisher = 	{Laboratorio de Sistemas Integrados, ETSIT-UPM},
month = 	{feb},
year = 		{2013}
}

@BOOK{tulio,
 author = 	{\mbox{Advanced Wireless Dynamics}},
 title = 	{Tulio$^{TM}$ Datasheet},
 year =	 	{2011}
}

@BOOK{pic32datasheet,
 author = 	{\mbox{Microchip Technology Inc.}},
 title = 	{PIC32MX5XX/6XX/7XX Family Data Sheet}
}

@BOOK{daughterb,
 author = 	{\mbox{Microchip Technology Inc.}},
 title = 	{MRF49XA PICtail$^{TM}$/PICtail Plus Daughter Board User's Guide}
}


@BOOK{mrf24j40,
 author = 	{\mbox{Microchip Technology Inc.}},
 title = 	{MRF24J40MA Data Sheet 2.4 GHz, IEEE Std. 802.15.4$^{TM}$ RF Transceiver Module}
}

@BOOK{mrf24wb0,
 author = 	{\mbox{Microchip Technology Inc.}},
 title = 	{Microchip MRF24WB0MA/MRF24WB0MB Data Sheet 2.4 GHz, IEEE Std. 802.11b$^{TM}$ RF Transceiver Module}
}

@BOOK{adg701,
 author = 	{\mbox{Analog Devices}},
 title = 	{ADG701/ADG702. \ac{CMOS} Low Voltage 2 $\Omega$ \ac{SPST} Switches. Datasheet}
}

@BOOK{max3232,
 author = 	{\mbox{Texas Instrument}},
 title = 	{MAX3232 Datasheet}
}

@BOOK{lm317,
 author = 	{\mbox{Texas Instrument}},
 title = 	{LM117, LM317A, LM317-N Datasheet}
}


@BOOK{miwi,
 author = 	{\mbox{Microchip Technology Inc.}},
 title = 	{AN1066 Microchip MiWi$^{TM}$ Wireless Networking Protocol Stack}
}

@BOOK{miwip2p,
 author = 	{\mbox{Microchip Technology Inc.}},
 title = 	{AN1204 Microchip MiWi$^{TM}$ P2P Wireless Protocol}
}

@BOOK{miwipro,
 author = 	{\mbox{Microchip Technology Inc.}},
 title = 	{AN1371 Microchip MiWi$^{TM}$ PRO Wireless Networking Protocol}
}

@BOOK{tcpip,
 author = 	{\mbox{Microchip Technology Inc.}},
 title = 	{AN833 The Microchip TCP/IP Stack}
}

@BOOK{mcp1612,
 author = 	{\mbox{Microchip Technology Inc.}},
 title = 	{MCP1612 Single 1A, 1.4 MHz Synchronous Buck Regulator}
}

@BOOK{mcp1252,
 author = 	{\mbox{Microchip Technology Inc.}},
 title = 	{MCP1252/3 Low Noise, Positive-Regulated Charge Pump}
}

@BOOK{mcp1603,
 author = 	{\mbox{Microchip Technology Inc.}},
 title = 	{MCP1603/B/L 2.0 MHz, 500 mA Synchronous Buck Regulator}
}
@ARTICLE{ant,
 author =	{\mbox{ANT platform}},
 title = 	{http://www.thisisant.com/},
 journal = 	{(Last accessed on 11-9-2013)}
} 

@ARTICLE{eyes,
 author =	{\mbox{Eyes Project}},
 title =	{http://www.eyes.eu.org/},
 journal = 	{(Last accessed on 11-9-2013)}
}

@ARTICLE{telosb,
 author =	{TelosB},
 title = 	{http://www.advanticsys.com/shop/mtmcm5000msp-p-14.html},
 journal =	{(Last accessed on 11-9-2013)}
}

@ARTICLE{openair,
 author =	{OpenAirInteface}, 
 title = 	{http://www.openairinterface.org/},
 journal = 	{(Last accessed on 11-9-2013)} 
}

@ARTICLE{kuar,
 author = 	{\mbox{Minden, G.J.; Evans, J.B.; Searl, L.; DePardo, D.; Petty, V.R.; Rajbanshi, R.;}\\
		\mbox{Newman, T.; Chen, Q.; Weidling, F.; Guffey, J.; Datla, D.; Barker, B.; Peck, M.;}
		\mbox{Cordill, B.; Wyglinski, A.M.; Agah, A.}},
 title =	{KUAR: A Flexible Software-Defined Radio Development Platform},
 journal =	{New Frontiers in Dynamic Spectrum Access Networks, 2007. DySPAN 2007. 2nd IEEE International Symposium on},
 pages =	{428 - 439},
 month =	{Apr},
 year =		{2007}
}

@ARTICLE{usrp2,
 author = 	{\mbox{Berardinelli, G; Zetterberg, P.; Tonelli, O.; Cattoni, A.F.; Sorensen, T.B.; Mogensen, P.}},
 title =	{An SDR architecture for OFDM transmission over USRP2 boards},
 journal = 	{Signals, Systems and Computers (ASILOMAR), 2011 Conference Record of the Forty Fifth Asilomar Conference on},
 pages = 	{965 - 969},
 month = 	{Nov},
 year =		{2011}
}

@ARTICLE{nict,
 author = 	{\mbox{Harada, H.}},
 title =	{Software defined radio prototype toward cognitive radio communication systems},
 journal =	{New Frontiers in Dynamic Spectrum Access Networks, 2005. DySPAN 2005. 2005 First IEEE International Symposium on},
 pages =	{539 - 547},
 month = 	{Nov},
 year =		{2005}
}

@ARTICLE{bee2,
 author = 	{\mbox{Mishra, S.M.; Cabric, D.; Chang, C.; Willkomm, D.; van Schewick, B.; Wolisz, A.;}
			\mbox{Brodersen, R.W.}},
 title = 	{A real time cognitive radio testbed for physical and link layer experiments}
 journal = 	{Proceedings of the 1st IEEE International Symposium on New Frontiers in Dynamic Spectrum Access Networks (DySPAN ’05)},
 volume = 	{1},
 pages =	{562 – 567},
 month = 	{Nov},
 year =		{2005}
}

@ARTICLE{zigbee,
 author = 	{\mbox{Zigbee Alliance}},
 title = 	{www.zigbee.org},
 journal = 	{(Last accessed on 11-9-2013)}
}

@ARTICLE{hart,
 author = 	{\mbox{HART Communication Foundation, WirelessHART Technology}},
 title = 	{www.hartcomm.org},
 journal = 	{(Last accessed on 11-9-2013)}
}

@ARTICLE{isa,
 author = 	{\mbox{ISA, Wireless Compliance Institute. ISA100 Wireless Systems for Automation}},
 title = 	{www.isa100wci.org},
 journal = 	{(Last accessed on 11-9-2013)}
}

@ARTICLE{802.11,
 author = 	{\mbox{IEEE 802.11$^{TM}$ Wireless Local Area Networks}},
 title = 	{http://www.ieee802.org/11/},
 journal = 	{(Last accessed on 11-9-2013)}
}

@ARTICLE{wifi,
 author = 	{\mbox{Wi-Fi Alliance}},
 title = 	{http://www.wi-fi.org/},
 journal = 	{(Last accessed on 11-9-2013)}
}

@ARTICLE{latex,
 author =	{Latex},
 title = 	{http://en.wikibooks.org/wiki/LaTeX/},
 journal = 	{(Last accessed on 11-9-2013)}
}

@ARTICLE{6lowpan,
 author =	{\mbox{IETF. IPv6 over Low power WPAN}},
 title = 	{http://datatracker.ietf.org/wg/6lowpan/},
 journal = 	{(Last accessed on 11-9-2013)}
}

@ARTICLE{ns2,
 author = 	{\mbox{Yunjiao Xue; Ho Sung Lee; Ming Yang; Kumarawadu, P.; Ghenniwa, H.H.; Weiming Shen}},
 title =	{Performance Evaluation of NS-2 Simulator for Wireless Sensor Networks},
 journal =	{Electrical and Computer Engineering, 2007. CCECE 2007. Canadian Conference on},
 pages =	{1372 - 1375},
 month =	{Apr},
 year =		{2007}
}

@ARTICLE{ns21,
 author = 	{\mbox{Myungin Ji; Yonggyu Kim ; Myunghwan Seo ; Joongsoo Ma}},
 title =	{A Novel Multi-channel Multi-radio Wireless Mesh Node Architecture for NS-2},
 journal =	{Communications and Mobile Computing, 2009. CMC '09. WRI International Conference on},
 volume  =	{2},
 pages =	{147 - 151},
 month =	{Jan},
 year =		{2009}
}

@ARTICLE{omnet,
 author = 	{\mbox{Pongor, G.}},
 title =	{OMNeT: Objective Modular Network Testbed},
 journal =	{MASCOTS '93 Proceedings of the International Workshop on Modeling, Analysis, and Simulation On Computer and Telecommunication 			Systems},
 pages =	{323 - 326},
 year =		{1993}
}

@ARTICLE{sendora,
 author = 	{\mbox{Pescosolido, L.}},
 title =	{Performance of SENDORA networks},
 year =		{2011}
}

@ARTICLE{castalia,
 author =	{\mbox{Castalia. Wireless Sensor Network Simulator}},
 title = 	{http://castalia.research.nicta.com.au},
 journal = 	{(Last accessed on 11-9-2013)}
}

@ARTICLE{netsim,
 author =	{\mbox{NetSim Cisco Network Simulator and Router Simulator}},
 title = 	{http://www.boson.com/netsim-cisco-network-simulator},
 journal = 	{(Last accessed on 11-9-2013)}
}

@ARTICLE{jbc,
 author =	{\mbox{JBC. Rework Station 6000. Instructions manual}\\},
 title = 	{\mbox{http://www.jbctools.com/pdf/manual\_AM6000\_230v.pdf}},
 journal = 	{(Last accessed on 16-9-2013)}
}

@ARTICLE{32kdatasheet,
 author = 	{\mbox{ABRACON Corporation}},
 title = 	{\mbox{AB15T} Low frequency cylindrical watch crystal}
}

@ARTICLE{8mdatasheet,
 author = 	{\mbox{FOX}},
 title = 	{\mbox{HC49SDLF} Resistance Weld SMD Crystal}
}

@ARTICLE{icd3,
 author = 	{\mbox{Microchip Technology Inc.}},
 title = 	{\mbox{MPLAB ICD} 3 In-Circuit Debugger User's Guide For \mbox{MPLAB X IDE}}
}

@ARTICLE{sneismtv,
 author = 	{\mbox{Sol\v{c}, T.}},
 title =	{\mbox{SNE-ISMTV: VESNA} wireless sensor node expansion for cognitive radio experiments},
 journal =	{ISWCS 2013 - The Tenth International Symposium on Wireless Communication Systems},
 pages =	{2},
 month = 	{Aug},
 year =		{2013}
}

@ARTICLE{castaliacwsn,
 author = 	{\mbox{Araujo, A.; Romero, E.; Blesa, J.; Nieto-Taladriz, O.}},
 title =	{A framework for the design, development and evaluation of Cognitive Wireless Sensor Networks},
 journal =	{International Journal On Advances in Telecommunications},
 volume = 	{5},
 number =	{3,4},
 pages =	{141 - 152},
 month = 	{Dic},
 year =		{2012}
}

@ARTICLE{tmotesky,
 author = 	{\mbox{Moteiv Cormporation}},
 title =	{Tmote Sky Datasheet},
 month = 	{Jun},
 year = 	{2006}
}

@ARTICLE{twist,
 author = 	{\mbox{Handziski, V.; \"Kopke, A.; Willig, A.; Wolisz, A.}},
 title =	{TWIST: a scalable and reconfigurable testbed for wireless indoor experiments with sensor networks},
 journal =	{REALMAN '06 Proceedings of the 2nd international workshop on Multi-hop ad hoc networks: from theory to reality},
 pages =	{63 - 70},
 year =		{2006}
}



@ARTICLE{vtcornet,
 author = 	{\mbox{Newman, T.R.; He, A.; Gaeddert, J.; Hilburn, B.; Bose, T.; Reed, J.H.}},
 title =	{Virginia tech cognitive radio network testbed and open source cognitive radio framework},
 journal =	{Testbeds and Research Infrastructures for the Development of Networks \& Communities and Workshops, 2009. TridentCom 2009. 5th 			International Conference on },
 pages =	{1 - 3},
 month = 	{Apr},
 year =		{2009}
}

@ARTICLE{vesna,
 author =	{\mbox{SensorLab. Hardware. VESNA}},
 title = 	{http://sensorlab.ijs.si/hardware.html},
 journal = 	{(Last accessed on 12-9-2013)}
}

@ARTICLE{fit,
 author =	{\mbox{FIT: Future Internet (of Things)}},
 title = 	{http://fit-equipex.fr/english},
 journal = 	{(Last accessed on 12-9-2013)}
}

@ARTICLE{fitcortex,
 author =	{\mbox{FIT/CorteXlab: Cognitive radio testbed}},
 title = 	{http://www.cortexlab.fr/},
 journal = 	{(Last accessed on 12-9-2013)}
}

@ARTICLE{logatec,
 author =	{\mbox{LOG-a-TEC by SensorLab}},
 title = 	{http://log-a-tec.eu/},
 journal = 	{(Last accessed on 12-9-2013)}
}

