@ARTICLE{seung,
 author = 	{Seung Jong Kim},
 title = 	{Dynamic Spectrum Allocation with Variable Bandwidth for Cognitive Radio Systems},
 journal = 	{Communications and Information Technology},
 pages = 	{106 - 109},
 month = 	{sept},
 year = 	{2009},
 doi =		{DOI: 10.1109/ISCIT.2009.5341278}
}

@ARTICLE{fcc,
author = 	"Federal Communications Commission",
title = 	"Spectrum Policy Task Force",
journal = 	"Rep. ET Docket",
volume =	"02"
pages = 	"135",
month =		"nov",
year = 		"2002"
}

@ARTICLE{corvus,
  author =	 {Robert W. Brodersen; Adam Wolisz; Danijela Cabric; Shridhar Mubaraq Mishra; Daniel Willkomm},
  title =	 {Corvus: A Cognitive Radio approach for usage of virtual unlincesed spectrum, White Paper},
  %publisher =	 {Albentia-Systems},
  %month =	 mar,
  %year = 	 2008,
}

@ARTICLE{brainempower,
author = 	{\mbox{S. Haykin}},
title = 	{Cognitive Radio: Brain-empowered Wireless Communications},
journal = 	{IEEE Journal on Selected Areas of Communications},
volume =	{23}
month = 	{feb}
year = 		{2005},
pages = 	{201–220},
}

@ARTICLE{fcc1,
 author = 	{\mbox{Federal Communications Commission}},
 title = 	{Facilitating opportunities for flexible, efficient, and reliablespectrum use employing cognitive radio technologies,notice of 			proposed rulemaking and order, FCC 03-322},
 month = 	{dec},
 year = 	{2003},
} 

10^ Ian F. Akyildiz, W.-Y. Lee, M. C. Vuran, and S. Mohanty, "NeXt Generation/Dynamic Spectrum Access/Cognitive Radio Wireless Networks: A Survey," Computer Networks (Elsevier) Journal, September 2006. [1]
11^ Cognitive Functionality in Next Generation Wireless Networks
12^ Z. Li, F.R. Yu, and M. Huang, “A Distributed Consensus-Based Cooperative Spectrum Sensing in Cognitive Radios,” IEEE Trans. Vehicular Technology, vol. 59, no. 1, pp. 383–393, Jan. 2010.

@MISC{Radha_influenceof,
    author = {G. S. V. Radha and Krishna Rao and M. Purnach and Ra Rao},
    title = {Influence of Sea Breeze on Line-of-Sight Links Located in Visakhapatnam},
    year = {2005}
}

@INPROCEEDINGS{wimaxVigo,
 author = 	{P\'{e}rez, E. and Prieto, D. and Soto, I.},
 title = 	{Aplicaci\'{o}n de la tecnolog\'{i}a de acceso \mbox{WiMAX} en entornos mar\'{i}timos costeros},
 booktitle = 	{XVI Jornadas TELECOM-ID 2006, Madrid},
 year = 	{2006},
 publisher = 	{Quobis Networks}
}

﻿@incollection {simoAdhoc,
   author = {Sim\'{o}, Javier and Seoane, Joaqu\'{i}n and de Salazar, Rodrigo},
   affiliation = {Fundaci\'{o}n EHAS ETSIT Ciudad Universitaria s/n 28040 Madrid Spain},
   title = {A \mbox{QoS-Aware} Ad Hoc Wireless Network for Isolated Rural Environments},
   booktitle = {EUNICE 2005: Networks and Applications Towards a Ubiquitously Connected World},
   series = {IFIP International Federation for Information Processing},
   editor = {Kloos, Carlos and Mar\'{i}n, Andr\'{e}s and Larrabeiti, David},
   publisher = {Springer Boston},
   isbn = {},
   pages = {157-172},
   volume = {196},
   url = {http://dx.doi.org/10.1007/0-387-31170-X_12},
   year = {2006}
}

@INPROCEEDINGS{simoNodos,
 author = 	{Sim\'{o}, Javier and Osuna, Pablo and Seoane, Joaqu\'{i}n and Mart\'{i}nez, Andr\'{e}s},
 title = 	{Desarrollo de nodos mesh \mbox{Wi-Fi} aut\'{o}nomos como soporte a redes de telemedicina rural en zonas aisladas},
 booktitle = 	{Proceedings of CASEIB2005. Madrid},
 year = 	{2005},
 publisher = 	{}
}

@INPROCEEDINGS{simoMesh,
 author = 	{Sim\'{o}, Javier and Osuna, Pablo and Seoane, Joaqu\'{i}n and Mart\'{i}nez, Andr\'{e}s},
 title = 	{An \mbox{IEEE 802.11} static mesh network design for isolated rural areas in developing regions},
 booktitle = 	{The 25th International Conference on Computer Communications (IEEE INFOCOM 2006). Poster Session. Barcelona - Spain},
 year = 	{2006},
 publisher = 	{}
}

@INPROCEEDINGS{triton1,
AUTHOR = "Pathmasuntharam, JS. and Kong, PY. and Zhou, MT. and Ge, Y. and Wang, H. and Ang, CW. and Wen, S. and Harada, H.",
TITLE = "\mbox{TRITON}: High speed maritime mesh networks.",
booktitle = "PIMRC'08",
PAGES = {1-5},
YEAR = {2008}  
}

@INPROCEEDINGS{triton2,
AUTHOR = "Kong, P.Y. and Pathmasuntharam, J.S. and Wang, H. and Ge, Y. and Ang, C.W. and Wen, S. and Zhou, M.T. and Harada, H.",
TITLE = "A Routing Protocol for \mbox{WiMAX} Based Maritime Wireless Mesh Networks.",
booktitle = "VTC Spring'09",
YEAR = {2009}  
}

@INPROCEEDINGS{triton3,
AUTHOR = "Kong, P.Y. and Wang, H. and Ge, Y. and Ang, C.W. and Pathmasuntharam, J.S. and Wen, S. and Zhou, M.T. and Harada, H.",
TITLE = "Distributed adaptive time slot allocation for \mbox{WiMAX} based maritime wireless mesh networks.",
booktitle = "WCNC'09",
PAGES = {1694-1699},
YEAR = {2009}  }

@INPROCEEDINGS{triton4,
AUTHOR = "Zhou, M.T. and Harada, H. and Kong, P.Y. and Pathmasuntharam, J.S.",
TITLE = "Interference Range Analysis and Scheduling among Three-Hop Neighborhood in Maritime \mbox{WiMAX} Mesh Networks.",
booktitle = "WCNC'10",
PAGES = {1-6},
YEAR = {2010}  
}

@inproceedings{experimentalSimulationWimax,
 author = {Garroppo, Rosario G. and Giordano, Stefano and Iacono, Davide},
 title = {Experimental and simulation study of a \mbox{WiMAX} system in the sea port scenario},
 booktitle = {Proceedings of the 2009 IEEE international conference on Communications},
 series = {ICC'09},
 year = {2009},
 isbn = {978-1-4244-3434-3},
 location = {Dresden, Germany},
 pages = {4729--4733},
 numpages = {5},
 url = {http://portal.acm.org/citation.cfm?id=1817770.1818152},
 acmid = {1818152},
 publisher = {IEEE Press},
 address = {Piscataway, NJ, USA},
 keywords = {2-ray pathloss model, 802.16e, OPNET, WiMAX, measurement campaign, mobile},
}

@inproceedings{sieber1,
  author    = {Arne Sieber and
               Michele Cocco and
               Juergen Markert and
               Mathias F. Wagner and
               Remo Bedini and
               Paolo Dario},
  title     = {\mbox{ZigBee} based buoy network platform for environmental monitoring
               and preservation: Temperature profiling for better understanding
               of Mucilage massive blooming},
  booktitle = {WISES},
  year      = {2008},
  pages     = {1-14},
  ee        = {http://dx.doi.org/10.1109/WISES.2008.4623297},
  crossref  = {DBLP:conf/wises/2008},
  bibsource = {DBLP, http://dblp.uni-trier.de}
}

@inbook{sieber2,
 author={Sieber, A and Wagner, M F and Markert, J and Wogerer, C},
 title={Low power sensor platform for environmental monitoring},  
 year={2009},
 publisher = {IEEE SENSORS 2009 Conference},
 pages={1804--1809}
}

﻿@incollection {gascon,
   author = {Zennaro, Marco and Bagula, Antoine and Gasc\'{o}n, David and Noveleta, Alberto},
   affiliation = {Royal Institute of Technology - KTH, Stockholm, Sweden},
   title = {Planning and Deploying Long Distance Wireless Sensor Networks: The Integration of Simulation and Experimentation},
   booktitle = {Ad-Hoc, Mobile and Wireless Networks},
   series = {Lecture Notes in Computer Science},
   editor = {Nikolaidis, Ioanis and Wu, Kui},
   publisher = {Springer Berlin / Heidelberg},
   isbn = {},
   pages = {191-204},
   volume = {6288},
   url = {http://dx.doi.org/10.1007/978-3-642-14785-2\_15},
   note = {10.1007/978-3-642-14785-2\_15},
   year = {2010}
}

@inproceedings{experimentalBuoy,
 author = {Fitz, S. and Gonzalez-Velazquez, A. and Henning, I. and Khan, T.},
 title = {Experimental investigation of wireless link layer for multi-hop oceanographic-sensor networks},
 booktitle = {ELECTRONICS LETTERS 24th November 2005 Vol. 41 No. 24},
 year = {2005},
}







