@ARTICLE{RoyerRoutingProtocols, 
author =	{Royer, E.M. and Chai-Keong Toh},
title =		{A review of current routing protocols for ad hoc mobile wireless networks},  
journal = 	{Personal Communications, IEEE},
year = 		{1999}, 
month =		{apr}, 
volume =	{6}, 
number =	{2}, 
pages =		{46 -55}, 
keywords =	{ad hoc mobile wireless networks;bandwidth;demand-driven protocols;efficient route establishment;message delivery;mobile nodes;node interconnections;on-demand protocols;overhead;routing protocols;table-driven protocols;land mobile radio;radio networks;telecommunication network routing;transport protocols;}, 
doi =		{10.1109/98.760423}, 
ISSN =	   	{1070-9916},
}

@INPROCEEDINGS{ComparisonRoutingProtocols, 
author = 	{Kong, P.Y. and Wang, H. and Ge, Y. and Ang, C.W. and Wen, S. and Pathmasuntharam, J.S. and Zhou, M.T. and Dien, H.V.}, 
title =		{A performance comparison of routing protocols for maritime wireless mesh networks}, 
booktitle = 	{Wireless Communications and Networking Conference, 2008. WCNC 2008. IEEE}, 
year =		{2008}, 
month =		{31 2008-april 3}, 
volume =	{}, 
number =	{}, 
pages =		{2170 -2175}, 
keywords =	{WiMAX mesh MAC protocol;ad-hoc ondemand multipath protocol distance vector routing protocol;maritime wireless mesh network;mobile wireless mesh network;multihop wireless network;optimized link state routing protocol;terrestrial communication network;marine communication;mobile radio;routing protocols;}, 
doi =		{10.1109/WCNC.2008.384}, 
ISSN =		{1525-3511},
}

@INPROCEEDINGS{DasComparisonRoutingProtocols, 
author =	{Das, S.R. and Perkins, C.E. and Royer, E.M.}, 
title =		{Performance comparison of two on-demand routing protocols for ad hoc networks}, 
booktitle =	{INFOCOM 2000. Nineteenth Annual Joint Conference of the IEEE Computer and Communications Societies. Proceedings. IEEE}, 
year =		{2000}, 
month =		{}, 
volume =	{1}, 
number =	{}, 
pages =		{3 -12 vol.1}, 
keywords =	{MAC models;ad hoc networks;ad hoc on-demand distance vector routing;dynamic routing protocols;dynamic source routing;inter-layer interactions;multi-hop wireless connectivity;network load;network topology;on-demand routing protocols;performance;physical layer models;simulation;access protocols;mobile computing;mobile radio;network topology;performance evaluation;telecommunication network routing;telecommunication traffic;}, 
doi =		{10.1109/INFCOM.2000.832168}, 
ISSN =		{},
}

@INPROCEEDINGS{PerkinsAODV, 
author =	{Perkins, C.E. and Royer, E.M.}, 
title =		{Ad-hoc on-demand distance vector routing}, 
booktitle =	{Mobile Computing Systems and Applications, 1999. Proceedings. WMCSA '99. Second IEEE Workshop on}, 
year =		{1999}, 
month =		{feb}, 
volume =	{}, 
number =	{}, 
pages =		{90 -100}, 
keywords =	{AODV;Ad-hoc On Demand Distance Vector Routing;ad-hoc network;ad-hoc on-demand distance vector routing;basic distance vector routing mechanisms;broken links;centralized access point;cooperative engagement;dynamic self starting network;evaluation methodology;loop-free routes;mobile host;mobile nodes;periodic advertisements;routing algorithm;specialized router;mobile computing;protocols;telecommunication network routing;}, 
doi =		{10.1109/MCSA.1999.749281}, 
ISSN =		{},
}

@ARTICLE{PerkinsAODVlong,
  author =	 {Perkins, Charles E. and Belding-Royers, E. and Das, Samir R.},
  title =	 {Ad-hoc on-demand distance vector \mbox{(AODV)} routing},
  month =	 jul,
  year =	 2003,
  journal = 	 {Request For Comments Experimental 3561, Internet Engineering Task Force}
}

@BOOK{quickAODV,
  author =	 {Klein-Berndt, Luke},
  title =	 {A quick guide to \mbox{AODV} routing},
  publisher =	 {Wireless Communications Technologies Group; National Institute of Standards and Technology},
  month =	 nov,
  year = 	 2001,
  webpage = {http://www.antd.nist.gov/wctg/aodv_kernel/},
  lastaccess = {Abril, 2011}
}

@phdthesis{DomingoCarmen2005PhD,
   Author = {Domingo-Aladr\'{e}n, Mari Carmen},
   Title = {Diferenciaci\'{o}n de servicios y mejora de la supervivencia en redes ad hoc conectadas a redes fijas},
   School = {Universitat Polit\`{e}cnica de Catalunya},
   Type = {PhD},
   Year = {2005}
}

@INPROCEEDINGS{AdaptingAODVforMSN,
 author = 	{Gomez, C. and Salvatella, P. and Alonso, O. and Paradells, J.},
 title = 	{Adapting \mbox{AODV} for \mbox{IEEE 802.15.4} mesh sensor networks: theoretical discussion and performance evaluation in a real environment},
 booktitle = 	{Proceedings of the 2006 International Symposium on on World of Wireless, Mobile and Multimedia Networks},
 series = 	{WOWMOM '06},
 year = 	{2006},
 isbn = 	{0-7695-2593-8},
 pages = 	{159--170},
 numpages = 	{12},
 url = 		{http://dx.doi.org/10.1109/WOWMOM.2006.19},
 doi = 		{http://dx.doi.org/10.1109/WOWMOM.2006.19},
 acmid = 	{1139403},
 publisher = 	{IEEE Computer Society},
 address = 	{Washington, DC, USA},
} 

@BOOK{quickAODVjr,
  author =	 {Klein-Berndt, Luke and Chakeres, Ian D.},
  title =	 {\mbox{AODVjr}. A simplified version of \mbox{AODV}},
  publisher =	 {Mobility Management and Networking Laboratory UC Santa Barbara; National Institute of Standards and Technology},
  month =	 jun,
  year = 	 2002,
  webpage = {http://www.ianchak.com/},
  lastaccess = {Mayo, 2011}
}

@ARTICLE{AODVjr,
 author = 	{Chakeres, Ian D. and Klein-Berndt, Luke},
 title = 	{\mbox{AODVjr}, \mbox{AODV} simplified},
 journal = 	{SIGMOBILE Mob. Comput. Commun. Rev.},
 volume = 	{6},
 issue = 	{3},
 month = 	{June},
 year = 	{2002},
 issn = 	{1559-1662},
 pages = 	{100--101},
 numpages = 	{2},
 url = 		{http://doi.acm.org/10.1145/581291.581309},
 doi = 		{http://doi.acm.org/10.1145/581291.581309},
 acmid = 	{581309},
 publisher = 	{ACM},
 address = 	{New York, NY, USA},
} 

@INPROCEEDINGS{AODVimplementation,
 author = 	{Chakeres, Ian D. and Belding-Royer, Elizabeth M.},
 title = 	{\mbox{AODV} routing protocol implementation design},
 booktitle = 	{Proceedings of the 24th International Conference on Distributed Computing Systems Workshops - W7: EC (ICDCSW'04) - Volume 7},
 series = 	{ICDCSW '04},
 year = 	{2004},
 isbn = 	{0-7695-2087-1},
 pages = 	{698--703},
 numpages = 	{6},
 url = 		{http://portal.acm.org/citation.cfm?id=977399.977938},
 acmid = 	{977938},
 publisher = 	{IEEE Computer Society},
 address = 	{Washington, DC, USA},
} 

@INPROCEEDINGS{AdHocRoutingImplementation,
 author = 	{Kawadia, Vikas and Zhang, Yongguang and Gupta, Binita},
 title = 	{System services for ad-hoc routing: architecture, implementation and experiences},
 booktitle = 	{Proceedings of the 1st international conference on Mobile systems, applications and services},
 series = 	{MobiSys '03},
 year = 	{2003},
 location = 	{San Francisco, California},
 pages = 	{99--112},
 numpages = 	{14},
 url = 		{http://doi.acm.org/10.1145/1066116.1189040},
 doi = 		{http://doi.acm.org/10.1145/1066116.1189040},
 acmid = 	{1189040},
 publisher = 	{ACM},
 address = 	{New York, NY, USA},
} 

@INPROCEEDINGS{EnergyRouting, 
author =	{Wang, W. and Youn, J.-H. and Sharif, H.R.}, 
title =		{The Implementation of an Energy Balanced Routing Protocol with Dynamic Power Scaling in TinyOS}, 
booktitle =	{Sensor Networks, Ubiquitous, and Trustworthy Computing, 2006. IEEE International Conference on}, 
year =	  	{2006}, 
month =		{jun}, 
volume =	{2}, 
number =	{}, 
pages =		{262 -267}, 
keywords =	{TinyOS;dynamic power scaling;energy balanced routing protocol;receiver;wireless sensor network;radio receivers;routing protocols;wireless sensor networks;}, 
doi =		{10.1109/SUTC.2006.135}, 
ISSN =		{},
}




