@BOOK{transmisionRadio,
  author =	 {Jos\'{e} Mar\'{i}a Hernando-R\'{a}banos},
  title =	 {Transmisi\'{o}n por radio},
  publisher =	 {Editorial Universitaria Ram\'{o}n Areces},
  year = 	 2008,
}
