@BOOK{cisco,
 author = 	{\mbox{CISCO System Inc.}},
 title = 	{Cisco Visual Networking Index: Global Mobile Data Traffic Forecast Update, 2010-2015},
 journal = 	{},
 volume = 	{},
 note = 	"White Paper",
 issue = 	{},
 month = 	{Feb},
 year = 	{2011},
 issn = 	{},
} 


@ARTICLE{wpanIssues,
  author =	 {Howitt, I.; Gutierrez, J.A.},
  title =	 {\mbox{IEEE} 802.15.4 low rate - wireless personal area network coexistence issues},
  journal =	 {Wireless Communications and Networking},
  volume =	 {3},
  issue = 	 {WCNC 2003},
  month =	 {March},
  year = 	 {2003},
  pages = 	 {1481-1486},
  doi =		 {doi: 10.1109/WCNC.2003.1200605}
}

@ARTICLE{mitola1,
  author = 	{\mbox{Mitola, J. III; Maguire, G.Q. Jr}},
  title = 	{Cognitive radio: making software radios more personal},
  journal = 	{Personal Communications},
  volume = 	{6},
  issue = 	{Issue 4},
  month =	aug,
  year = 	1999,
  pages = 	{13-18}
}

@BOOK{mitola2,
  author = 	{\mbox{Mitola, J. III}},
  title = 	{Cognitive Radio An Integrated Agent Architecture for Software Defined Radio, PhD. Dissertation},
  publisher = 	{Royal Institute of Technology, Kista, Sweden},
  year = 	2000
}

  


@ARTICLE{fcd,
  author = 	{\mbox{L\'{o}pez, F.; Romero, E.; Blesa, J.; Villanueva, D.; Araujo, A.}},
  title = 	{Cognitive Wireless Sensor Network Device for AAL Scenarios},
  journal = 	{Lecture Notes in Computer Science},
  volume = 	{6693},
  year = 	2011,
  issn = 	{ISSN: 0302–9743},
  pages =	{116-121},
  isbn = 	{3–642–00640–X}
}
